@article{Abadi2012tradeoff,
 author = {Abadi, Daniel},
 title = {Consistency {T}radeoffs in {M}odern {D}istributed {D}atabase {S}ystem {D}esign: {CAP} is {O}nly {P}art of the {S}tory},
 journal = {Computer},
 issue_date = {February 2012},
 volume = {45},
 number = {2},
 month = feb,
 year = {2012},
 issn = {0018-9162},
 pages = {37--42},
 numpages = {6},
 acmid = {2360959},
 publisher = {IEEE Computer Society Press},
 address = {Los Alamitos, CA, USA},
 keywords = {CAP theorem, computer systems organization, database architectures, distributed database systems, networking and information technology},
} 

@inproceedings{Abadi2016tf,
 author = {Abadi, Mart\'{\i}n and Barham, Paul and Chen, Jianmin and Chen, Zhifeng and Davis, Andy and Dean, Jeffrey and Devin, Matthieu and Ghemawat, Sanjay and Irving, Geoffrey and Isard, Michael and Kudlur, Manjunath and Levenberg, Josh and Monga, Rajat and Moore, Sherry and Murray, Derek G. and Steiner, Benoit and Tucker, Paul and Vasudevan, Vijay and Warden, Pete and Wicke, Martin and Yu, Yuan and Zheng, Xiaoqiang},
 title = {Tensor{F}low: {A} {S}ystem for {L}arge-scale {M}achine {L}earning},
 booktitle = {Proceedings of the 12th USENIX Conference on Operating Systems Design and Implementation},
 series = {OSDI'16},
 year = {2016},
 isbn = {978-1-931971-33-1},
 location = {Savannah, GA, USA},
 pages = {265--283},
 numpages = {19},
 acmid = {3026899},
 publisher = {USENIX Association},
 address = {Berkeley, CA, USA},
} 

@inproceedings{alistarh2017qsgd,
title = {QSGD: Communication-Efficient SGD via Gradient Quantization and Encoding},
author = {Alistarh, Dan and Grubic, Demjan and Li, Jerry and Tomioka, Ryota and Vojnovic, Milan},
booktitle = {Advances in Neural Information Processing Systems 30},
editor = {I. Guyon and U. V. Luxburg and S. Bengio and H. Wallach and R. Fergus and S. Vishwanathan and R. Garnett},
pages = {1709--1720},
year = {2017},
publisher = {Curran Associates, Inc.},
}

@article{alistarh2018convergence,
  author    = {Dan Alistarh and
               Christopher De Sa and
               Nikola Konstantinov},
  title     = {The {C}onvergence of {S}tochastic {G}radient {D}escent in {A}synchronous {S}hared {M}emory},
  journal   = {CoRR},
  volume    = {abs/1803.08841},
  year      = {2018},
  archivePrefix = {arXiv},
  eprint    = {1803.08841},
  timestamp = {Mon, 13 Aug 2018 16:46:00 +0200},
  bibsource = {dblp computer science bibliography, https://dblp.org}
}

@misc{amazon2020s3,
    title = {Amazon S3 Storage Classes},
    url = {https://aws.amazon.com/s3/storage-classes/},
    month = jul,
    year = 2020
}

@Book{ArpaciDusseau2018os,
  author =       {Remzi H. Arpaci-Dusseau and Andrea C. Arpaci-Dusseau},
  title =        "{Operating Systems: Three Easy Pieces}",
  publisher =    {Arpaci-Dusseau Books},
  month =        "August",
  year =         {2018},
  edition =      {1.00},
}

@inproceedings{backes2009csar,
  author    = {Michael Backes and
               Peter Druschel and
               Andreas Haeberlen and
               Dominique Unruh},
  title     = {{CSAR:} {A} Practical and Provable Technique to Make Randomized Systems
               Accountable},
  booktitle = {Proceedings of the Network and Distributed System Security Symposium,
               {NDSS} 2009, San Diego, California, USA, 8th February - 11th February
               2009},
  year      = {2009},
  timestamp = {Wed, 16 Oct 2019 16:49:09 +0200},
  bibsource = {dblp computer science bibliography, https://dblp.org}
}

@article{Badrinath1992beyondcommutativity,
 author = {Badrinath, B. R. and Ramamritham, Krithi},
 title = {Semantics-based Concurrency Control: Beyond Commutativity},
 journal = {ACM Trans. Database Syst.},
 issue_date = {March 1992},
 volume = {17},
 number = {1},
 month = mar,
 year = {1992},
 issn = {0362-5915},
 pages = {163--199},
 numpages = {37},
 acmid = {128771},
 publisher = {ACM},
 address = {New York, NY, USA},
 keywords = {concurrency control, semantic information},
} 

@article{bailis2012pbs,
 author = {Bailis, Peter and Venkataraman, Shivaram and Franklin, Michael J. and Hellerstein, Joseph M. and Stoica, Ion},
 title = {Probabilistically Bounded Staleness for Practical Partial Quorums},
 journal = {Proc. VLDB Endow.},
 issue_date = {April 2012},
 volume = {5},
 number = {8},
 month = apr,
 year = {2012},
 issn = {2150-8097},
 pages = {776--787},
 numpages = {12},
 acmid = {2212359},
 publisher = {VLDB Endowment},
} 

@INPROCEEDINGS{barbara1990controlledinconsistency,
author={D. {Barbara} and H. {Garcia-Molina}},
booktitle={[1990] Proceedings. Workshop on the Management of Replicated Data},
title={The case for controlled inconsistency in replicated data},
year={1990},
volume={},
number={},
pages={35--38},
keywords={data integrity;distributed databases;redundancy;reliability;controlled inconsistency;replicated data;reliability;availability;two-phase commit;database;controlling node;quasi-copies;Computer aided software engineering;Arithmetic;Watches;Delay;Analytical models;Frequency;Databases;Gold;Control systems;Concurrency control},
ISSN={},
month={Nov},}

@article{birman2019cloud,
author = {Birman, Ken and Hariharan, Bharath and De Sa, Christopher},
title = {Cloud-Hosted Intelligence for Real-Time IoT Applications},
year = {2019},
issue_date = {July 2019},
publisher = {Association for Computing Machinery},
address = {New York, NY, USA},
volume = {53},
number = {1},
issn = {0163-5980},
journal = {SIGOPS Oper. Syst. Rev.},
month = jul,
pages = {7--13},
numpages = {7}
}

@article{boddy1994deliberation,
author = {Boddy, Mark and Dean, Thomas L.},
title = {Deliberation Scheduling for Problem Solving in Time-Constrained Environments},
year = {1994},
issue_date = {June 1994},
publisher = {Elsevier Science Publishers Ltd.},
address = {GBR},
volume = {67},
number = {2},
issn = {0004-3702},
journal = {Artif. Intell.},
month = jun,
pages = {245--285},
numpages = {41}
}

@article{Bottou2018sgd,
   title={Optimization Methods for Large-Scale Machine Learning},
   volume={60},
   ISSN={1095-7200},
   number={2},
   journal={SIAM Review},
   publisher={Society for Industrial & Applied Mathematics (SIAM)},
   author={Bottou, L\'{e}on and Curtis, Frank E. and Nocedal, Jorge},
   year={2018},
   month={Jan},
   pages={223--311}
}

@article{Brewer12computer,
  author = {Brewer, Eric},
  file = {IEEE Digital Library:2012/Brewer12computer.pdf:PDF},
  groups = {public},
  interhash = {42048ae3c9aad919da1d5d86dc2710ff},
  intrahash = {155e676d7abc3fee9bb1ac3c2399e400},
  issn = {0018-9162},
  journal = {Computer},
  keywords = {01614 ieee paper data processing network database application optimize theory software engineering},
  number = 2,
  pages = {23--29},
  timestamp = {2015-10-18T13:44:16.000+0200},
  title = {{CAP} {T}welve {Y}ears {L}ater: {H}ow the ''{R}ules'' {H}ave {C}hanged},
  username = {flint63},
  volume = 45,
  year = 2012
}

@book{brooks2011handbook,
  added-at = {2015-03-24T17:28:34.000+0100},
  author = {Brooks, Steve and Gelman, Andrew and Jones, Galin and Meng, Xiao-Li},
  interhash = {0b127e40d41a970274484b65a7e0744f},
  intrahash = {2b8d02bec832fa945b62ecf7808614bf},
  keywords = {carlo chain diss handbook inthesis markov mcmc monte},
  publisher = {CRC Press},
  timestamp = {2017-08-04T09:03:42.000+0200},
  title = {Handbook of Markov Chain Monte Carlo},
  year = 2011
}

@misc{brutlag2009speedmatters,
author={Jake Brutlag},
title={Speed matters for google web search},
year = 2009
}

@InProceedings{buolamwini2018gender,
  title = 	 {Gender Shades: Intersectional Accuracy Disparities in Commercial Gender Classification},
  author = 	 {Joy Buolamwini and Timnit Gebru},
  booktitle = 	 {Proceedings of the 1st Conference on Fairness, Accountability and Transparency},
  pages = 	 {77--91},
  year = 	 {2018},
  editor = 	 {Sorelle A. Friedler and Christo Wilson},
  volume = 	 {81},
  series = 	 {Proceedings of Machine Learning Research},
  address = 	 {New York, NY, USA},
  month = 	 {23--24 Feb},
  publisher = 	 {PMLR},
  pdf = 	 {http://proceedings.mlr.press/v81/buolamwini18a/buolamwini18a.pdf},
}

@inproceedings{chen2014stochastic,
  title={Stochastic gradient {H}amiltonian {M}onte {C}arlo},
  author={Chen, Tianqi and Fox, Emily and Guestrin, Carlos},
  booktitle={International Conference on Machine Learning},
  pages={1683--1691},
  year={2014}
}

@article{Chouldechova2017instruments,
   title={Fair Prediction with Disparate Impact: A Study of Bias in Recidivism Prediction Instruments},
   volume={5},
   ISSN={2167-647X},
   number={2},
   journal={Big Data},
   publisher={Mary Ann Liebert Inc},
   author={Chouldechova, Alexandra},
   year={2017},
   month={Jun},
   pages={153--163}
}

@book{Clausewitz1832fog,
  author = {{von Clausewitz}, Carl},
  publisher = {Ferdinand DÃ¼mmler},
  title = {Vom Kriege},
  year = 1832
}

@unpublished{cooper2019isp,
title= {Imperfection is the {N}orm: {A} {C}omputer {S}ystems {P}erspective on {I}o{T} and {E}nforcement},
author = {Cooper, A. Feder},
year = {2018},
note= {(Im)Perfect Enforcement Conference},
url = {https://law.yale.edu/isp/events/imperfect-enforcement}}

@unpublished{cooper2020law,
author = {Cooper, A. Feder and Levy, Karen},
title = {Distributing Accountability and Distributed Computing: Policy Implications in Real-Time Computer Systems},
note = {Under submission},
year = 2020}

@article{cornish2019scalable,
  title={{S}calable {M}etropolis-{H}astings for exact {B}ayesian inference with large datasets},
  author={Cornish, Robert and Vanetti, Paul and Bouchard-C{\^o}t{\'e}, Alexandre and Deligiannidis, George and Doucet, Arnaud},
  journal={International Conference on Machine Learning},
  year={2019}
}

@misc{courbariaux2015binaryconnect,
    title={BinaryConnect: Training Deep Neural Networks with binary weights during propagations},
    author={Matthieu Courbariaux and Yoshua Bengio and Jean-Pierre David},
    year={2015},
    eprint={1511.00363},
    primaryClass={cs.LG}
}

@inproceedings{daskalakis2018gibbs,
author = {Daskalakis, Constantinos and Dikkala, Nishanth and Jayanti, Siddhartha},
title = {HOGWILD!-Gibbs Can Be PanAccurate},
year = {2018},
publisher = {Curran Associates Inc.},
address = {Red Hook, NY, USA},
booktitle = {Proceedings of the 32nd International Conference on Neural Information Processing Systems},
pages = {32--41},
numpages = {10},
location = {Montr\'{e}al, Canada},
series = {NIPS '18}
}

@inproceedings{DeCandia2007dynamo,
 author = {DeCandia, Giuseppe and Hastorun, Deniz and Jampani, Madan and Kakulapati, Gunavardhan and Lakshman, Avinash and Pilchin, Alex and Sivasubramanian, Swaminathan and Vosshall, Peter and Vogels, Werner},
 title = {Dynamo: Amazon's Highly Available Key-value Store},
 booktitle = {Proceedings of Twenty-first ACM SIGOPS Symposium on Operating Systems Principles},
 series = {SOSP '07},
 year = {2007},
 isbn = {978-1-59593-591-5},
 location = {Stevenson, Washington, USA},
 pages = {205--220},
 acmid = {1294281},
 publisher = {ACM},
 address = {New York, NY, USA},
 keywords = {performance, reliability, scalability},
} 

@article{desa2015taming,
  author    = {Christopher De Sa and
               Ce Zhang and
               Kunle Olukotun and
               Christopher R{\'{e}}},
  title     = {Taming the Wild: {A} Unified Analysis of Hogwild!-Style Algorithms},
  journal   = {CoRR},
  volume    = {abs/1506.06438},
  year      = {2015},
  archivePrefix = {arXiv},
  eprint    = {1506.06438},
  timestamp = {Mon, 13 Aug 2018 16:47:30 +0200},
  bibsource = {dblp computer science bibliography, https://dblp.org}
}

@InProceedings{desa2016gibbs,
  title = 	 {Ensuring Rapid Mixing and Low Bias for Asynchronous Gibbs Sampling},
  author = 	 {Christopher De Sa and Chris Re and Kunle Olukotun},
  booktitle = 	 {Proceedings of The 33rd International Conference on Machine Learning},
  pages = 	 {1567--1576},
  year = 	 {2016},
  editor = 	 {Maria Florina Balcan and Kilian Q. Weinberger},
  volume = 	 {48},
  series = 	 {Proceedings of Machine Learning Research},
  address = 	 {New York, New York, USA},
  month = 	 {20--22 Jun},
  publisher = 	 {PMLR}
}

@inproceedings{desa2017async,
author = {De Sa, Christopher and Feldman, Matthew and R\'{e}, Christopher and Olukotun, Kunle},
title = {Understanding and Optimizing Asynchronous Low-Precision Stochastic Gradient Descent},
year = {2017},
publisher = {Association for Computing Machinery},
address = {New York, NY, USA},
booktitle = {Proceedings of the 44th Annual International Symposium on Computer Architecture},
pages = {561--574},
numpages = {14},
keywords = {asynchrony, FPGA, multicore, Stochastic gradient descent, low precision},
location = {Toronto, ON, Canada},
series = {ISCA '17}
}

@article{desa2018halp,
  author    = {Christopher De Sa and
               Megan Leszczynski and
               Jian Zhang and
               Alana Marzoev and
               Christopher R. Aberger and
               Kunle Olukotun and
               Christopher R{\'{e}}},
  title     = {High-Accuracy Low-Precision Training},
  year      = {2018},
  archivePrefix = {arXiv},
  eprint    = {1803.03383},
}

@article{Dietterich2018robustAI,
   title={Robust artificial intelligence and robust human organizations},
   volume={13},
   number={1},
   journal={Frontiers of Computer Science},
   author={Dietterich, Thomas G.},
   year={2018},
   month={Dec},
   pages={1-3}
}

@article{DiPippo1997semanticcc,
 author = {DiPippo, Lisa Cingiser and Wolfe, Victor Fay},
 title = {Object-Based Semantic Real-Time Concurrency Control with Bounded Imprecision},
 journal = {IEEE Trans. on Knowl. and Data Eng.},
 issue_date = {January 1997},
 volume = {9},
 number = {1},
 month = jan,
 year = {1997},
 issn = {1041-4347},
 pages = {135--147},
 numpages = {13},
 acmid = {627818},
 publisher = {IEEE Educational Activities Department},
 address = {Piscataway, NJ, USA},
 keywords = {Bounded imprecision, real-time object-oriented databases, semantic concurrency control.},
} 

@inproceedings{du1989quasi,
 author = {Du, W. and Elmagarmid, A.},
 title = {Quasi Serializability: A Correctness Criterion for Global Concurrency Control in InterBase},
 booktitle = {Proceedings of the 15th International Conference on Very Large Data Bases},
 series = {VLDB '89},
 year = {1989},
 isbn = {1-55860-101-5},
 location = {Amsterdam, The Netherlands},
 pages = {347--355},
 numpages = {9},
 acmid = {88891},
 publisher = {Morgan Kaufmann Publishers Inc.},
 address = {San Francisco, CA, USA},
}

@misc{dutta2018slow,
    title={Slow and Stale Gradients Can Win the Race: Error-Runtime Trade-offs in Distributed SGD},
    author={Sanghamitra Dutta and Gauri Joshi and Soumyadip Ghosh and Parijat Dube and Priya Nagpurkar},
    year={2018},
    eprint={1803.01113},
    archivePrefix={arXiv},
    primaryClass={stat.ML}
}

@article{flanagan2008values,
author = {Flanagan, M. and Howe, Daniel and Nissenbaum, H.},
year = {2008},
month = {01},
pages = {322-353},
title = {Embodying values in technology: Theory and practice},
journal = {Information Technology and Moral Philosophy},
}

@book{flanagan2014values,
author = {Flanagan, Mary and Nissenbaum, Helen},
title = {Values at Play in Digital Games},
year = {2014},
publisher = {The MIT Press}
}

@article{friedman1996bias,
author = {Friedman, Batya and Nissenbaum, Helen},
title = {Bias in Computer Systems},
year = {1996},
issue_date = {July 1996},
publisher = {Association for Computing Machinery},
address = {New York, NY, USA},
volume = {14},
number = {3},
issn = {1046-8188},
journal = {ACM Trans. Inf. Syst.},
month = jul,
pages = {330--347},
numpages = {18},
keywords = {bias, computers and society, standards, values, social computing, computer ethics, universal design, human values, system design, design methods, social impact, ethics}
}

@book{friedman2019values,
 author = {Friedman, Batya and Hendry, David G.},
 title = {Value Sensitive Design: Shaping Technology with Moral Imagination},
 year = {2019},
 isbn = {0262039532, 9780262039536},
 publisher = {The MIT Press},
} 

@inproceedings{Golab2011funandprofit,
 author = {Golab, Wojciech and Li, Xiaozhou and Shah, Mehul A.},
 title = {Analyzing Consistency Properties for Fun and Profit},
 booktitle = {Proceedings of the 30th Annual ACM SIGACT-SIGOPS Symposium on Principles of Distributed Computing},
 series = {PODC '11},
 year = {2011},
 isbn = {978-1-4503-0719-2},
 location = {San Jose, California, USA},
 pages = {197--206},
 numpages = {10},
 acmid = {1993834},
 publisher = {ACM},
 address = {New York, NY, USA},
 keywords = {atomicity, consistency, key-value store},
} 

@article{gong2014quantize,
  author    = {Yunchao Gong and
               Liu Liu and
               Ming Yang and
               Lubomir D. Bourdev},
  title     = {Compressing Deep Convolutional Networks using Vector Quantization},
  journal   = {CoRR},
  volume    = {abs/1412.6115},
  year      = {2014},
  archivePrefix = {arXiv},
  eprint    = {1412.6115},
  timestamp = {Mon, 13 Aug 2018 16:46:14 +0200},
  bibsource = {dblp computer science bibliography, https://dblp.org}
}

@inproceedings{gupta2015lowprecision,
author = {Gupta, Suyog and Agrawal, Ankur and Gopalakrishnan, Kailash and Narayanan, Pritish},
title = {Deep Learning with Limited Numerical Precision},
year = {2015},
publisher = {JMLR.org},
booktitle = {Proceedings of the 32nd International Conference on International Conference on Machine Learning - Volume 37},
pages = {1737--1746},
numpages = {10},
location = {Lille, France},
series = {ICML'15}}

@article{Haeberlen2007peerreview,
 author = {Haeberlen, Andreas and Kouznetsov, Petr and Druschel, Peter},
 title = {PeerReview: Practical Accountability for Distributed Systems},
 journal = {SIGOPS Oper. Syst. Rev.},
 issue_date = {December 2007},
 volume = {41},
 number = {6},
 month = oct,
 year = {2007},
 issn = {0163-5980},
 pages = {175--188},
 numpages = {14},
 acmid = {1294279},
 publisher = {ACM},
 address = {New York, NY, USA},
 keywords = {accountability, byzantine faults, distributed systems, fault detection},
} 

@misc{han2015deep,
    title={Deep Compression: Compressing Deep Neural Networks with Pruning, Trained Quantization and Huffman Coding},
    author={Song Han and Huizi Mao and William J. Dally},
    year={2015},
    eprint={1510.00149},
    primaryClass={cs.CV}
}

@article{hellerstein2019calm,
  author    = {Joseph M. Hellerstein and
               Peter Alvaro},
  title     = {Keeping {CALM:} When Distributed Consistency is Easy},
  journal   = {CoRR},
  volume    = {abs/1901.01930},
  year      = {2019},
  archivePrefix = {arXiv},
  eprint    = {1901.01930},
  timestamp = {Thu, 31 Jan 2019 13:52:49 +0100},
  bibsource = {dblp computer science bibliography, https://dblp.org}
}

@article{Herlihy1990apologizing,
 author = {Herlihy, M.},
 title = {Apologizing Versus Asking Permission: Optimistic Concurrency Control for Abstract Data Types},
 journal = {ACM Trans. Database Syst.},
 issue_date = {March 1990},
 volume = {15},
 number = {1},
 month = mar,
 year = {1990},
 issn = {0362-5915},
 pages = {96--124},
 numpages = {29},
 acmid = {77647},
 publisher = {ACM},
 address = {New York, NY, USA},
} 

@inproceedings{Herman2016typeaware,
 author = {Herman, Nathaniel and Inala, Jeevana Priya and Huang, Yihe and Tsai, Lillian and Kohler, Eddie and Liskov, Barbara and Shrira, Liuba},
 title = {Type-aware Transactions for Faster Concurrent Code},
 booktitle = {Proceedings of the Eleventh European Conference on Computer Systems},
 series = {EuroSys '16},
 year = {2016},
 isbn = {978-1-4503-4240-7},
 location = {London, United Kingdom},
 pages = {31:1--31:16},
 articleno = {31},
 numpages = {16},
 acmid = {2901348},
 publisher = {ACM},
 address = {New York, NY, USA},}

@inproceedings{hilgartner1992risk,
author = {Hilgartner, Stephen},
title = {The Social Construction of Risk Objects: Or, How to Pry Open Networks of Risk},
booktitle = {Organizations, Uncertainties, and Risk},
pages = {39-53},
year = 1992,
editor = {James F. Short and Lee Clark}
}

@incollection{ho2013SSPParameterServer,
title = {More Effective Distributed ML via a Stale Synchronous Parallel Parameter Server},
author = {Ho, Qirong and Cipar, James and Cui, Henggang and Lee, Seunghak and Kim, Jin Kyu and Gibbons, Phillip B. and Gibson, Garth A and Ganger, Greg and Xing, Eric P},
booktitle = {Advances in Neural Information Processing Systems 26},
editor = {C. J. C. Burges and L. Bottou and M. Welling and Z. Ghahramani and K. Q. Weinberger},
pages = {1223--1231},
year = {2013},
publisher = {Curran Associates, Inc.}
}

@inproceedings{horvitz1987constraints,
author = {Horvitz, Eric J.},
title = {Reasoning about Beliefs and Actions under Computational Resource Constraints},
year = {1987},
isbn = {0444874178},
publisher = {AUAI Press},
address = {Arlington, Virginia, USA},
booktitle = {Proceedings of the Third Conference on Uncertainty in Artificial Intelligence},
pages = {429--447},
numpages = {19},
location = {Seattle, WA},
series = {UAI '87}
}

@misc{howard2017mobilenets,
    title={MobileNets: Efficient Convolutional Neural Networks for Mobile Vision Applications},
    author={Andrew G. Howard and Menglong Zhu and Bo Chen and Dmitry Kalenichenko and Weijun Wang and Tobias Weyand and Marco Andreetto and Hartwig Adam},
    year={2017},
    eprint={1704.04861},
    archivePrefix={arXiv},
    primaryClass={cs.CV}
}

@book{jasanoff2016ethics,
author = {Jasanoff, Sheila},
title = {The Ethics of Invention: Technology and the Human Future},
year = 2016,
publisher = {New York: W.W. Norton \& Company}
}


@book{kahneman1982uncertainty,
    author={Kahneman, Daniel and Slovic, Paul and Tversky, Amos},
    title = {Judgment under Uncertainty: Heuristics and Biases},
    year = {1982},
    publisher = {New York: Cambridge University Press}
}

@inproceedings{Kiefer1952StochasticEO,
  title={Stochastic Estimation of the Maximum of a Regression Function},
  author={J{\"u}rgen Kiefer and Jacob Wolfowitz},
  year={1952}
}

@inproceedings{kosaian2019paritymodels,
author = {Kosaian, Jack and Rashmi, K. V. and Venkataraman, Shivaram},
title = {Parity Models: Erasure-Coded Resilience for Prediction Serving Systems},
year = {2019},
isbn = {9781450368735},
publisher = {Association for Computing Machinery},
address = {New York, NY, USA},
booktitle = {Proceedings of the 27th ACM Symposium on Operating Systems Principles},
pages = {30--46},
numpages = {17},
keywords = {erasure coding, machine learning, inference},
location = {Huntsville, Ontario, Canada},
series = {SOSP '19}
}

@inproceedings{korattikara2014austerity,
  title={Austerity in {MCMC} land: Cutting the {M}etropolis-{H}astings budget},
  author={Korattikara, Anoop and Chen, Yutian and Welling, Max},
  booktitle={International Conference on Machine Learning},
  pages={181--189},
  year={2014}
}

@article{krishnamurthy2002tunable,
author = {Krishnamurthy, Sudha and Sanders, William and Cukier, Michel},
year = {2002},
month = {05},
pages = {},
title = {An Adaptive Framework for Tunable Consistency and Timeliness Using Replication},
}

@article{Lampson2004security,
 author = {Lampson, B. W.},
 title = {Computer Security in the Real World},
 journal = {Computer},
 issue_date = {June 2004},
 volume = {37},
 number = {6},
 month = jun,
 year = {2004},
 issn = {0018-9162},
 pages = {37--46},
 numpages = {10},
 acmid = {998509},
 publisher = {IEEE Computer Society Press},
 address = {Los Alamitos, CA, USA},
} 

@article{lee2020detroit,
  author = {Timothy B. Lee},
  title = {Detroit police chief cops to 96-percent facial recognition error rate},
  journal = {Ars Technica},
  year = {2020},
  month = {June},
  url = {https://arstechnica.com/tech-policy/2020/06/detroit-police-chief-admits-facial-recognition-is-wrong-96-of-the-time}
}


@inproceedings{Li2014parameterserver,
 author = {Li, Mu and Andersen, David G. and Park, Jun Woo and Smola, Alexander J. and Ahmed, Amr and Josifovski, Vanja and Long, James and Shekita, Eugene J. and Su, Bor-Yiing},
 title = {Scaling Distributed Machine Learning with the Parameter Server},
 booktitle = {Proceedings of the 11th USENIX Conference on Operating Systems Design and Implementation},
 series = {OSDI'14},
 year = {2014},
 isbn = {978-1-931971-16-4},
 location = {Broomfield, CO},
 pages = {583--598},
 numpages = {16},
 acmid = {2685095},
 publisher = {USENIX Association},
 address = {Berkeley, CA, USA},
} 

@misc{lian2017asynchronous,
    title={Asynchronous Decentralized Parallel Stochastic Gradient Descent},
    author={Xiangru Lian and Wei Zhang and Ce Zhang and Ji Liu},
    year={2017},
    eprint={1710.06952},
    archivePrefix={arXiv},
    primaryClass={math.OC}
}

@inproceedings{Lloyd2011COP,
 author = {Lloyd, Wyatt and Freedman, Michael J. and Kaminsky, Michael and Andersen, David G.},
 title = {Don'T Settle for Eventual: Scalable Causal Consistency for Wide-area Storage with COPS},
 booktitle = {Proceedings of the Twenty-Third ACM Symposium on Operating Systems Principles},
 series = {SOSP '11},
 year = {2011},
 isbn = {978-1-4503-0977-6},
 location = {Cascais, Portugal},
 pages = {401--416},
 numpages = {16},
 acmid = {2043593},
 publisher = {ACM},
 address = {New York, NY, USA},
 keywords = {ALPS systems, causal + consistency, key-value storage, read transactions, scalable wide-area replication},
} 

@inproceedings{Lu2015Existential,
 author = {Lu, Haonan and Veeraraghavan, Kaushik and Ajoux, Philippe and Hunt, Jim and Song, Yee Jiun and Tobagus, Wendy and Kumar, Sanjeev and Lloyd, Wyatt},
 title = {Existential Consistency: Measuring and Understanding Consistency at Facebook},
 booktitle = {Proceedings of the 25th Symposium on Operating Systems Principles},
 series = {SOSP '15},
 year = {2015},
 isbn = {978-1-4503-3834-9},
 location = {Monterey, California},
 pages = {295--310},
 numpages = {16},
 acmid = {2815426},
 publisher = {ACM},
 address = {New York, NY, USA},
} 

@inproceedings{maclaurin2015firefly,
  title={Firefly {M}onte {C}arlo: Exact {MCMC} with subsets of data},
  author={Maclaurin, Dougal and Adams, Ryan Prescott},
  booktitle={Twenty-Fourth International Joint Conference on Artificial Intelligence},
  year={2015}
}

@article{mittal2016apsurvey,
author = {Mittal, Sparsh},
title = {A Survey of Techniques for Approximate Computing},
year = {2016},
issue_date = {May 2016},
publisher = {Association for Computing Machinery},
address = {New York, NY, USA},
volume = {48},
number = {4},
journal = {ACM Comput. Surv.},
month = mar,
articleno = {62},
numpages = {33},
}

@article{molina1983semantic,
 author = {Garcia-Molina, Hector},
 title = {Using Semantic Knowledge for Transaction Processing in a Distributed Database},
 journal = {ACM Trans. Database Syst.},
 issue_date = {June 1983},
 volume = {8},
 number = {2},
 month = jun,
 year = {1983},
 issn = {0362-5915},
 pages = {186--213},
 numpages = {28},
 acmid = {319985},
 publisher = {ACM},
 address = {New York, NY, USA},
 keywords = {concurrency control, consistency, locking, schedule, semantic knowledge, serializability},
} 

@article{moreau2018taxonomy,
author = {Moreau, Thierry and San Miguel, Joshua and Wyse, Mark and Bornholt, James and Alaghi, Armin and Ceze, Luis and Enright Jerger, Natalie and Sampson, Adrian},
title = {A Taxonomy of General Purpose Approximate Computing Techniques},
year = {2018},
issue_date = {March 2018},
publisher = {IEEE Press},
volume = {10},
number = {1},
issn = {1943-0663},
journal = {IEEE Embed. Syst. Lett.},
month = mar,
pages = {2--5},
numpages = {4}
}

@article{mulligan2018governance,
author = {Mulligan, D.K. and Bamberger, K.A.},
year = {2018},
month = {06},
pages = {697-784},
title = {Saving governance-by-design},
volume = {106},
journal = {California Law Review},
}

@misc{nakamoto2012bitcoin,
  title = {Bitcoin: A peer-to-peer electronic cash system},
  author={Satoshi Nakamoto},
  year = 2009,
  url={https://bitcoin.org/bitcoin.pdf}
}

@book{narayanan2016bitcoin,
author = {Narayanan, Arvind and Bonneau, Joseph and Felten, Edward and Miller, Andrew and Goldfeder, Steven},
title = {Bitcoin and Cryptocurrency Technologies: A Comprehensive Introduction},
year = {2016},
isbn = {0691171696},
publisher = {Princeton University Press},
address = {USA}
}

@article{Nissenbaum1996accountability,
    author = {Helen Nissenbaum},
    title = {Accountability in a Computerized Society},
    year = {1996},
    journal={Science and Engineering Ethics},
    volume = 2,
    pages = {25-42}
}

@inproceedings{Niu2011hogwild,
 author = {Niu, Feng and Recht, Benjamin and Re, Christopher and Wright, Stephen J.},
 title = {HOGWILD!: A Lock-free Approach to Parallelizing Stochastic Gradient Descent},
 booktitle = {Proceedings of the 24th International Conference on Neural Information Processing Systems},
 series = {NIPS'11},
 year = {2011},
 isbn = {978-1-61839-599-3},
 location = {Granada, Spain},
 pages = {693--701},
 numpages = {9},
 acmid = {2986537},
 publisher = {Curran Associates Inc.},
 address = {USA},
} 

@inproceedings{ohm70inefficiency,
author = {Ohm, Paul and Frankle, Jonathan},
title = {Desirable Inefficiency},
volume=70,
issue=4,
booktitle = {Florida Law Review},
pages = {777--836},
year = 2019,
}

@incollection{pan2016cyclades,
title = {Cyclades: Conflict-free Asynchronous Machine Learning},
author = {Pan, Xinghao and Lam, Maximilian and Tu, Stephen and Papailiopoulos, Dimitris and Zhang, Ce and Jordan, Michael I and Ramchandran, Kannan and R\'{e}, Christopher},
booktitle = {Advances in Neural Information Processing Systems 29},
editor = {D. D. Lee and M. Sugiyama and U. V. Luxburg and I. Guyon and R. Garnett},
pages = {2568--2576},
year = {2016},
publisher = {Curran Associates, Inc.},
}

@inproceedings{pan2013occ,
 author = {Pan, Xinghao and Gonzalez, Joseph and Jegelka, Stefanie and Broderick, Tamara and Jordan, Michael I.},
 title = {Optimistic Concurrency Control for Distributed Unsupervised Learning},
 booktitle = {Proceedings of the 26th International Conference on Neural Information Processing Systems - Volume 1},
 series = {NIPS'13},
 year = {2013},
 location = {Lake Tahoe, Nevada},
 pages = {1403--1411},
 numpages = {9},
 acmid = {2999768},
 publisher = {Curran Associates Inc.},
 address = {USA},
}

@book{perrow1999risk,
    author={Charles Perrow},
    title = {Normal Accidents: Living with High Risk Technologies - Updated Edition},
    year = {1999},
    publisher = {Princeton University Press, Princeton, New Jersey}
}

@ARTICLE{ramaritham1995eserializability,
author={K. {Ramamritham} and C. {Pu}},
journal={IEEE Transactions on Knowledge and Data Engineering},
title={A formal characterization of epsilon serializability},
year={1995},
volume={7},
number={6},
pages={997-1007},
}

@article{sachs2011precaution,
    author = {Sachs, Noah},
    title = {Rescuing the Strong Precautionary Principle from its Critics},
    journal = {University of Illinois Law Review},
    year = 2011,
    volume = 2011,
    pages = {1285-1338}
}

@phdthesis{sampson2015thesis,
  author       = {Adrian Sampson}, 
  title        = {Hardware and Software for Approximate Computing},
  school       = {University of Washington},
  year         = 2015,
  url ={https://www.cs.cornell.edu/~asampson/media/dissertation.pdf}
}

@article{seita2016efficient,
  title={An efficient minibatch acceptance test for {M}etropolis-{H}astings},
  author={Seita, Daniel and Pan, Xinlei and Chen, Haoyu and Canny, John},
   eprint={1610.06848},
   archivePrefix={arXiv},
  year={2016}
}

@inproceedings{Shang2018rushmon,
 author = {Shang, Zechao and Yu, Jeffrey Xu and Elmore, Aaron J.},
 title = {RushMon: Real-time Isolation Anomalies Monitoring},
 booktitle = {Proceedings of the 2018 International Conference on Management of Data},
 series = {SIGMOD '18},
 year = {2018},
 isbn = {978-1-4503-4703-7},
 location = {Houston, TX, USA},
 pages = {647--662},
 numpages = {16},
 acmid = {3196932},
 publisher = {ACM},
 address = {New York, NY, USA},
 keywords = {isolation anomalies, large-scale optimization},
}

@inproceedings{smith2015opportunism,
 author = {Smith, Henry E.},
 title = {Equity as Second-Order Law: The Problem of Opportunism},
 booktitle = {Harvard Public Law Working Paper No. 15-13},
 year = {2015},
} 

@article{starr2014risk,
    author={Sonja B. Starr},
    title = {Evidence-Based Sentencing and the Scientific Rationalization of Discrimination},
    year = {2014},
    journal= {Stanford Law Review},
    volume = {66},
    pages = {803-872}
}

@article{sunstein2002heuristics,
    author = {Sunstein, Cass R.},
    title = {Hazardous Heuristics},
    journal = {U Chicago Law \& Economics},
    year = 2002
}

@article{sunstein2003precaution,
    author = {Sunstein, Cass R.},
    title = {Beyond the Precautionary Principle},
    journal = {U Chicago Law \& Economics},
    year = 2003
}

@inproceedings{TorresRojas1999TimedCF,
  title={Timed Consistency for Shared Distributed Objects},
  author={Francisco J. Torres-Rojas and Mustaque Ahamad and Michel Raynal},
  booktitle={PODC},
  year={1999}
}

@ARTICLE{tsitsiklis1986stochastic,
author={J. {Tsitsiklis} and D. {Bertsekas} and M. {Athans}},
journal={IEEE Transactions on Automatic Control},
title={Distributed asynchronous deterministic and stochastic gradient optimization algorithms},
year={1986},
volume={31},
number={9},
pages={803-812},
}

@book{vaughan1996challenger,
    author = {Diane Vaughan},
    title = {The Challenger launch Decision: Risky Technology, Culture, and Deviance at NASA},
    year = {1996},
    publisher = {University of Chicago Press}
}

@article{Vogels2009eventualconsistency,
 author = {Vogels, Werner},
 title = {Eventually Consistent},
 journal = {Commun. ACM},
 issue_date = {January 2009},
 volume = {52},
 number = {1},
 month = jan,
 year = {2009},
 issn = {0001-0782},
 pages = {40--44},
 numpages = {5},
 publisher = {ACM},
 address = {New York, NY, USA},
}

@inproceedings{Wei2015managed,
 author = {Wei, Jinliang and Dai, Wei and Qiao, Aurick and Ho, Qirong and Cui, Henggang and Ganger, Gregory R. and Gibbons, Phillip B. and Gibson, Garth A. and Xing, Eric P.},
 title = {Managed Communication and Consistency for Fast Data-parallel Iterative Analytics},
 booktitle = {Proceedings of the Sixth ACM Symposium on Cloud Computing},
 series = {SoCC '15},
 year = {2015},
 isbn = {978-1-4503-3651-2},
 location = {Kohala Coast, Hawaii},
 pages = {381--394},
 numpages = {14},
 publisher = {ACM},
 address = {New York, NY, USA},
}

@ARTICLE{weihl1988commutativity,
author={W. E. {Weihl}},
journal={IEEE Transactions on Computers},
title={Commutativity-based concurrency control for abstract data types},
year={1988},
volume={37},
number={12},
pages={1488-1505}}

@article{weinstein2020covid,
    author={Weinstein, MC and Freedberg, KA and Hyle, EP and Paltiel, AD},
    title={Waiting for Certainty on Covid-19 Antibody Tests - At What Cost?},
    year = 2020,
    journal = {New England Journal of Medicine}
}

@inproceedings{Yu2000conits,
 author = {Yu, Haifeng and Vahdat, Amin},
 title = {Design and Evaluation of a Continuous Consistency Model for Replicated Services},
 booktitle = {Proceedings of the 4th Conference on Symposium on Operating System Design \& Implementation - Volume 4},
 series = {OSDI'00},
 year = {2000},
 location = {San Diego, California},
 articleno = {21},
 acmid = {1251250},
 publisher = {USENIX Association},
 address = {Berkeley, CA, USA},
} 

@inproceedings{Yu2000numerical,
 author = {Yu, Haifeng and Vahdat, Amin},
 title = {Efficient Numerical Error Bounding for Replicated Network Services},
 booktitle = {Proceedings of the 26th International Conference on Very Large Data Bases},
 series = {VLDB '00},
 year = {2000},
 isbn = {1-55860-715-3},
 pages = {123--133},
 numpages = {11},
 acmid = {758377},
 publisher = {Morgan Kaufmann Publishers Inc.},
 address = {San Francisco, CA, USA},
} 

@article{zhang2015sgdstaleness,
  author    = {Wei Zhang and
               Suyog Gupta and
               Xiangru Lian and
               Ji Liu},
  title     = {Staleness-aware Async-SGD for Distributed Deep Learning},
  journal   = {CoRR},
  volume    = {abs/1511.05950},
  year      = {2015},
  eprint    = {1511.05950},
  timestamp = {Mon, 13 Aug 2018 16:46:20 +0200},
  bibsource = {dblp computer science bibliography, https://dblp.org}
}

@inproceedings{zhang2019poisson,
  title={Poisson-Minibatching for Gibbs Sampling with Convergence Rate Guarantees},
  author={Zhang, Ruqi and De Sa, Christopher M.},
  booktitle={Advances in Neural Information Processing Systems},
  pages={4923--4932},
  year={2019}
}

@article{zhang2020amagold,
  title={{AMAGOLD}: Amortized {Metropolis} Adjustment for Efficient Stochastic Gradient {MCMC}},
  author={Zhang, Ruqi and Cooper, A. Feder and De Sa, Christopher},
  journal={International Conference on
Artificial Intelligence and Statistics},
  year={2020}
}

@article{zhang2020tunamh,
  title={Asymptotically Optimal Exact Minibatch
Metropolis-Hastings},
  author={Zhang, Ruqi and Cooper, A. Feder and De Sa, Christopher},
  journal={ArXiv preprint},
  year={2020}
}

